% This file was created with JabRef 2.10.
% Encoding: Cp1252


@Electronic{auftrag,
  Title                    = {{Umruesten eines Detroit Electric Cars von 1918 auf Li-Ion Batterien}},
  Author                   = {Felix Jenni},
  Language                 = {German},
  Month                    = {Januar},
  Organization             = {{Fachhochschule Nordwestschweiz}},
  Year                     = {2017},

  Owner                    = {Yanick},
  Timestamp                = {2017.03.02}
}

@Book{,
  Title                    = {{Handbuch Lithium-Ionen-Batterien}},
  Author                   = {Reiner Korthauer},
  Publisher                = {{Springer Vieweg}},
  Year                     = {2013},

  Owner                    = {Yanick},
  Timestamp                = {2017.03.02}
}

@comment{jabref-meta: databaseType:bibtex;}

